
@article{chandler1,
   Author = {D. Chandler and J. D. McCoy and S. J. Singer},
   Title = {},
   Journal = {J. Chem. Phys.},
   Volume = {85},
   Pages = {5971},
   Year = {1986} }
   
  @article{chandler2,
   Author = {D. Chandler and J. D. McCoy and S. J. Singer},
   Title = {},
   Journal = {J. Chem. Phys.},
   Volume = {85},
   Pages = {5977},
   Year = {1986} }


@article{donley,
   Author = {Donley, J. P. and Rajasekaran, J. J. and McCoy, J. D. and Curro, J. D.},
   Title = {Microscopic approach to inhomogeneous polymeric liquids},
   Journal = {J. Chem. Phys.},
   Volume = {103},
   Number = {12},
   Pages = {5061},
 Year = {1995} }

@article{frischknecht1,
   Author = {Frischknecht, A. L. and Weinhold, J. D. and Salinger, A. G. and Curro, J. G. and Frink, L. J. D. and McCoy, J. D.},
   Title = {Density functional theory for inhomogeneous polymer systems. I. Numerical methods},
   Journal = {J. Chem. Phys.},
   Volume = {117},
   Pages = {10385-10397},
 Year = {2002} }

@article{chandler3,
   Author = {J. D. McCoy and S. J. Singer and D. Chandler},
   Title = {},
   Journal = {J. Chem. Phys.},
   Volume = {87},
   Pages = {4853},
   Year = {1987} }


@article{rosenfeld1,
   Author = {Y. Rosenfeld},
   Title = {Free-energy model for the inhomogeneous hard-sphere fluid mixture and density-functional theory of freezing},
   Journal = {Phys. Rev. Lett.},
   Volume = {63},
   Pages = {980},
   Year = {1989} }

@article{rosenfeld2,
   Author = {Y. Rosenfeld and M. Schmidt and H. L{\"o}wen and P. Tarazona},
   Title = {Fundamental-measure free-energy density functional for hard spheres: Dimensional crossover and freezing},
   Journal = {Phys. Rev. E},
   Volume = {55},
   Pages = {4245},
   Year = {1997} }

@article{rosenfeld3,
   Author = {Y. Rosenfeld and M. Schmidt and H. L{\"o}wen and P. Tarazona},
   Title = {Dimensional crossover and the freezing transition in density functional theory},
   Journal = {J. Phys.: Condens. Matter},
   Volume = {8},
   Pages = {L577},
   Year = {1996} }

@article{roth,
   Author = {R. Roth and R. Evans and A. Lang and G. Kahl},
   Title = {Fundamental measure theory for hard-sphere mixtures revisited: the White Bear version},
   Journal = {J. Phys. Condens. Matter},
   Volume = {14},
   Pages = {12063},
   Year = {2002} }

@article{WTC1,
   Author = {S. Tripathi and W. G. Chapman},
   Title = {Microstructure and thermodynamics of inhomogeneous polymer blends and solutions},
   Journal = {Phys. Rev. Lett.},
   Volume = {94},
   Pages = {087801},
   Year = {2005} }
   
   
@article{WTC2,
   Author = {S. Tripathi and W. G. Chapman},
   Title = {Microstructure of inhomogeneous polyatomic mixtures from a density functonal formalism for atomic mixtures},
   Journal = {J. Chem. Phys.},
   Volume = {122},
   Pages = {094506},
   Year = {2005} }


@article{heroux,
   Author = {M. A. Heroux and L. J. D. Frink and A. G. Salinger},
   Title = {Schur Complement Based Approach to Solving Density Functional Theories for Inhomogeneous Fluids on Parallel Computers},
   Journal = {submitted to SIAM J. Sci.Comput.},
   Volume = {},
   Pages = {},
   Year = {2006} }
   
   
  @article{salinger,
   Author = {A. G. Salinger and L. J. D. Frink},
   Title = {Rapid analysis of phase behavior with density functional theory. I. Novel numerical methods},
   Journal = {J. Chem. Phys.},
   Volume = {118},
   Pages = {7457-65.},
   Year = {2003} }
   
     
   @article{,
   Author = {},
   Title = {},
   Journal = {},
   Volume = {},
   Pages = {},
   Year = {} }


  
   @article{,
   Author = {},
   Title = {},
   Journal = {},
   Volume = {},
   Pages = {},
   Year = {} }

   

   
   
